<?xml version="1.0" encoding="UTF-8"?><collection xmlns="http://www.loc.gov/MARC21/slim"><record><leader>00362nam--2200121-i-4500</leader><controlfield tag="001">000016405</controlfield><controlfield tag="002">20161230</controlfield><controlfield tag="005">20161230201031</controlfield><controlfield tag="008">060222s1000------------r-----000-0-eng-d</controlfield><datafield ind1=" " ind2=" " tag="100"><subfield code="a">Van Aalst, Roelof Maarten</subfield></datafield><datafield ind1=" " ind2=" " tag="245"><subfield code="a">The far infrared spectra of hydrogen chloride in gaseous and liquid noble gases</subfield></datafield><datafield ind1=" " ind2=" " tag="260"><subfield code="a">Amsterdam, Universiteit, 1977. 109 P</subfield></datafield><datafield ind1=" " ind2=" " tag="852"><subfield code="a">78203</subfield></datafield></record></collection>